@article{zetzsche2019regulating,
  title={Regulating LIBRA: the transformative potential of Facebookâ€™s cryptocurrency and possible regulatory responses},
  author={Zetzsche, Dirk A and Buckley, Ross P and Arner, Douglas W},
  journal={University of New South Wales Law Research Series UNSWLRS},
  volume={47},
  year={2019}
}
@book{antonopoulos2017mastering,
  title={Mastering bitcoin: Programming the open blockchain},
  author={Antonopoulos, Andreas M},
  year={2017},
  publisher={" O'Reilly Media, Inc."}
}
@article{bohme2015bitcoin,
  title={Bitcoin: Economics, technology, and governance},
  author={B{\"o}hme, Rainer and Christin, Nicolas and Edelman, Benjamin and Moore, Tyler},
  journal={Journal of economic Perspectives},
  volume={29},
  number={2},
  pages={213--38},
  year={2015}
}
@book{cormen2009introduction,
  title={Introduction to algorithms},
  author={Cormen, Thomas H and Leiserson, Charles E and Rivest, Ronald L and Stein, Clifford},
  year={2009},
  publisher={MIT press}
}
@article{moser2013anonymity,
  title={Anonymity of bitcoin transactions},
  author={Moser, Malte},
  year={2013}
}
@inproceedings{gilbert2003security,
  title={Security analysis of SHA-256 and sisters},
  author={Gilbert, Henri and Handschuh, Helena},
  booktitle={International workshop on selected areas in cryptography},
  pages={175--193},
  year={2003},
  organization={Springer}
}
@inproceedings{dobbertin1996ripemd,
  title={RIPEMD-160: A strengthened version of RIPEMD},
  author={Dobbertin, Hans and Bosselaers, Antoon and Preneel, Bart},
  booktitle={International Workshop on Fast Software Encryption},
  pages={71--82},
  year={1996},
  organization={Springer}
}